@book{DeLoeraRambauSantos,
	AUTHOR = {Jesus~A.~{De Loera} and J\"org~Rambau and Francisco~Santos},
	TITLE = {Triangulations: Structures for Algorithms and Applications},
	PUBLISHER = {Springer Verlag},
	YEAR = {2010},
	VOLUME = {25},
	SERIES = {Algorithms and {C}omputation in Mathematics},
}

@article {FominShapiroThurston,
	AUTHOR = {Fomin, Sergey and Shapiro, Michael and Thurston, Dylan},
	TITLE = {Cluster algebras and triangulated surfaces {I}. {C}luster complexes},
	JOURNAL = {Acta Math.},
	FJOURNAL = {Acta Mathematica},
	VOLUME = {201},
	YEAR = {2008},
	NUMBER = {1},
	PAGES = {83--146},
}

@unpublished {FominThurston,
	AUTHOR = {Sergey Fomin and Dylan Thurston},
	TITLE = {Cluster algebras and triangulated surfaces. Part {II}: {L}ambda lengths},
 	NOTE = {Preprint, \href{http://arxiv.org/abs/1210.5569}{\texttt{arXiv:1210.5569}}}, 
	YEAR = {2012},
}

@unpublished {GarverMcConville,
	AUTHOR = {Alexander Garver and Thomas McConville},
	TITLE = {Oriented flip graphs and noncrossing tree partitions},
 	NOTE = {Preprint, \href{http://arxiv.org/abs/1604.06009}{\texttt{arXiv:1604.06009}}}, 
	YEAR = {2016},
}

@unpublished {LangePilaud,
	AUTHOR = {Carsten Lange and Vincent Pilaud},
	TITLE = {Associahedra via spines},
 	NOTE = {Preprint, \href{http://arxiv.org/abs/1307.4391}{\texttt{arXiv:1307.4391}}, to appear in \emph{Combinatorica}}, 
	YEAR = {2013},
}

@article {FeichtnerSturmfels,
	AUTHOR = {Eva~Maria~Feichtner and Bernd~Sturmfels},
	TITLE = {Matroid polytopes, nested sets and {B}ergman fans},
	JOURNAL = {Port. Math. (N.S.)},
	FJOURNAL = {Portugaliae Mathematica. Nova S\'erie},
	VOLUME = {62},
	YEAR = {2005},
	NUMBER = {4},
	PAGES = {437--468},
}

@article {Zelevinsky,
	AUTHOR = {Andrei Zelevinsky},
	TITLE = {Nested complexes and their polyhedral realizations},
	JOURNAL = {Pure Appl. Math. Q.},
	FJOURNAL = {Pure and Applied Mathematics Quarterly},
	VOLUME = {2},
	YEAR = {2006},
	NUMBER = {3},
	PAGES = {655--671},
}

@unpublished {Hohlweg,
	AUTHOR = {Christophe~Hohlweg},
	TITLE = {Permutahedra and associahedra},
	NOTE = {Pages 129--159 in~{\cite{TamariFestschrift}}}
}

@article {PilaudStump-brickPolytope,
	AUTHOR = {Vincent Pilaud and Christian Stump},
	TITLE = {Brick polytopes of spherical subword complexes and generalized associahedra},
	FJOURNAL = {Advances in Mathematics},
	JOURNAL = {Adv. Math.},
	PAGES = {1--61},
	VOLUME = {276},
	YEAR = {2015},
}

@article {Stella,
	AUTHOR = {Salvatore~Stella},
	TITLE = {Polyhedral models for generalized associahedra via {C}oxeter elements},
	JOURNAL = {J. Algebraic Combin.},
	FJOURNAL = {Journal of Algebraic Combinatorics. An International Journal},
	VOLUME = {38},
	YEAR = {2013},
	NUMBER = {1},
	PAGES = {121--158},
}

@article {FominZelevinsky-ClusterAlgebrasI,
	AUTHOR = {Sergey Fomin and Andrei Zelevinsky},
	TITLE = {Cluster algebras. {I}. {F}oundations},
	JOURNAL = {J. Amer. Math. Soc.},
	FJOURNAL = {Journal of the American Mathematical Society},
	VOLUME = {15},
	YEAR = {2002},
	NUMBER = {2},
	PAGES = {497--529},
}

@article {FominZelevinsky-ClusterAlgebrasII,
	AUTHOR = {Sergey Fomin and Andrei Zelevinsky},
	TITLE = {Cluster algebras. {II}. {F}inite type classification},
	JOURNAL = {Invent. Math.},
	FJOURNAL = {Inventiones Mathematicae},
	VOLUME = {154},
	YEAR = {2003},
	NUMBER = {1},
	PAGES = {63--121},
}

@article {FominZelevinsky-ClusterAlgebrasIV,
	AUTHOR = {Sergey Fomin and Andrei Zelevinsky},
	TITLE = {Cluster algebras. {IV}. {C}oefficients},
	JOURNAL = {Compos. Math.},
	FJOURNAL = {Compositio Mathematica},
	VOLUME = {143},
	YEAR = {2007},
	NUMBER = {1},
	PAGES = {112--164},
}

@article {FominZelevinsky-YSystems,
	AUTHOR = {Sergey Fomin and Andrei Zelevinsky},
	TITLE = {{$Y$}-systems and generalized associahedra},
	JOURNAL = {Ann. of Math. (2)},
	FJOURNAL = {Annals of Mathematics. Second Series},
	VOLUME = {158},
	YEAR = {2003},
	NUMBER = {3},
	PAGES = {977--1018},
}

@inproceedings {StasheffShnider,
	AUTHOR = {Jim~Stasheff},
	TITLE = {From operads to ``physically'' inspired theories},
	BOOKTITLE = {Operads: Proceedings of Renaissance Conferences (Hartfort, CT/Luminy, 1995)},
	SERIES = {Contemporary Mathematics},
	VOLUME = {202},
	PUBLISHER = {American Mathematical Society},
	ADDRESS = {Cambridge, MA},
	YEAR = {1997},
	PAGES = {53--81},
	NOTE = {Appendix~B by Steve Shnider and Jim~Stasheff for a corrected polytope construction}
}

@book {ShniderSternberg,
	AUTHOR = {Steve~Shnider and Shlomo~Sternberg},
	TITLE = {Quantum groups: From coalgebras to {D}rinfeld algebras},
	SERIES = {Series in Mathematical Physics},
	PUBLISHER = {International Press},
	ADDRESS = {Cambridge, MA},
	YEAR = {1993},
	PAGES = {592},
}

@book {Ziegler-polytopes,
	AUTHOR = {G{\"u}nter~M.~Ziegler},
	TITLE = {Lectures on Polytopes},
	SERIES = {Graduate texts in Mathematics},
	PUBLISHER = {Springer-Verlag},
	ADDRESS = {New York},
	VOLUME = {152},
	YEAR = {1995},
	PAGES = {vii+370},
}

@article {Stasheff,
	AUTHOR = {Jim~Stasheff},
	TITLE = {Homotopy associativity of {H}-spaces {I}, {II}},
	JOURNAL = {Trans. Amer. Math. Soc.},
	FJOURNAL = {Transactions of the Americcan Mathematical Society},
	VOLUME = {108},
	YEAR = {1963},
	NUMBER = {2},
	PAGES = {293--312},
}

@article {HohlwegLangeThomas,
	AUTHOR = {Christophe~Hohlweg and Carsten~Lange and Hugh~Thomas},
	TITLE = {Permutahedra and generalized associahedra},
	JOURNAL = {Adv. Math.},
	FJOURNAL = {Adances in Mathematics},
	VOLUME = {226},
	YEAR = {2011},
	NUMBER = {1},
	PAGES = {608--640},
}

@article {ChapotonFominZelevinsky,
	AUTHOR = {Fr{\'e}d{\'e}ric~Chapoton and Sergey~Fomin and Andrei~Zelevinsky},
	TITLE = {Polytopal Realizations of Generalized Associahedra},
	JOURNAL = {Canad. Math. Bull.},
	FJOURNAL = {Canadian Mathematical Bulletin. Bulletin Canadien de Math{\'e}matiques. },
	VOLUME = {45},
	YEAR = {2002},
	NUMBER = {4},
	PAGES = {537--566},
}

@article {Reading-latticeCongruences,
	AUTHOR = {Nathan~Reading},
	TITLE = {Lattice congruences of the weak order},
	JOURNAL = {Order},
	FJOURNAL = {Order. A Journal on the Theory of Ordered Sets and its Applications},
	VOLUME = {21},
	YEAR = {2004},
	NUMBER = {4},
	PAGES = {315--344},
}

@article {Reading-cambrianLattices,
	AUTHOR = {Nathan~Reading},
	TITLE = {Cambrian lattices},
	JOURNAL = {Adv.~Math.},
	FJOURNAL = {Advances in Mathematics},
	VOLUME = {205},
	YEAR = {2006},
	NUMBER = {2},
	PAGES = {313--353},
}

@article {Reading-sortableElements,
	AUTHOR = {Nathan~Reading},
	TITLE = {Sortable elements and {C}ambrian lattices},
	JOURNAL = {Algebra Universalis},
	FJOURNAL = {Algebra Universalis},
	VOLUME = {56},
	YEAR = {2007},
	NUMBER = {3-4},
	PAGES = {411--437},
}

@article {ReadingSpeyer,
	AUTHOR = {Nathan~Reading and David~E.~Speyer},
	TITLE = {Cambrian fans},
	JOURNAL = {J.~Eur.~Math.~Soc.},
	FJOURNAL = {Journal of the European Mathematical Society (JEMS)},
	VOLUME = {11},
	YEAR = {2009},
	NUMBER = {2},
	PAGES = {407--447}
}

@article {Loday,
	AUTHOR = {Jean-Louis~Loday},
	TITLE = {Realization of the {S}tasheff polytope},
	JOURNAL = {Arch.~Math.~(Basel)},
	FJOURNAL = {Archiv der Mathematik},
	VOLUME = {83},
	YEAR = {2004},
	NUMBER = {3},
	PAGES = {267--278},
}

@article {HohlwegLange,
	AUTHOR = {Christophe~Hohlweg and Carsten~Lange},
	TITLE = {Realizations of the associahedron and cyclohedron},
	JOURNAL = {Discrete Comput.~Geom.},
	FJOURNAL = {Discrete \& Computational Geometry. An International Journal of Mathematics and Computer Science},
	VOLUME = {37},
	YEAR = {2007},
	NUMBER = {4},
	PAGES = {517--543}
}

@article {PilaudSantos-brickPolytope,
	AUTHOR = {Vincent~Pilaud and Francisco~Santos},
	TITLE = {The brick polytope of a sorting network},
	JOURNAL = {European~J.~Combin.},
	FJOURNAL = {European Journal of Combinatorics},
	VOLUME = {33},
	YEAR = {2012},
	NUMBER = {4},
	PAGES = {632--662},
}

@article {CeballosSantosZiegler,
	AUTHOR = {Cesar~Ceballos and Francisco~Santos and G\"unter~M.~Ziegler},
	TITLE = {Many non-equivalent realizations of the associahedron},
	JOURNAL = {Combinatorica},
	YEAR = {2015},
	VOLUME = {35},
	NUMBER = {5},
	PAGES = {513--551},
}

@article {Postnikov,
	AUTHOR = {Alexander~Postnikov},
	TITLE = {Permutohedra, associahedra, and beyond},
	JOURNAL = {Int. Math. Res. Not. IMRN},
	FJOURNAL = {International Mathematics Research Notices. IMRN},
	YEAR = {2009},
	NUMBER = {6},
	PAGES = {1026--1106},
}

@article {CarrDevadoss,
	AUTHOR = {Michael~P.~Carr and Satyan~L.~Devadoss},
	TITLE = {Coxeter complexes and graph-associahedra},
	JOURNAL = {Topology Appl.},
	FJOURNAL = {Topology and its Applications},
	VOLUME = {153},
	YEAR = {2006},
	NUMBER = {12},
	PAGES = {2155--2168},
}

@article {Devadoss,
	AUTHOR = {Satyan L. Devadoss},
	TITLE = {A realization of graph associahedra},
	JOURNAL = {Discrete Math.},
	FJOURNAL = {Discrete Mathematics},
	VOLUME = {309},
	YEAR = {2009},
	NUMBER = {1},
	PAGES = {271--276},
}

@book {GelfandKapranovZelevinsky,
	AUTHOR = {Israel~Gelfand and Mikhail~Kapranov and Andrei~Zelevinsky},
	TITLE = {Discriminants, resultants and multidimensional determinants},
	SERIES = {Modern Birkh\"auser Classics},
	NOTE = {Reprint of the 1994 edition},
	PUBLISHER = {Birkh\"auser Boston Inc.},
	ADDRESS = {Boston, MA},
	YEAR = {2008},
	PAGES = {x+523},
}

@article {Lee,
	AUTHOR = {Carl~W.~Lee},
	TITLE = {The associahedron and triangulations of the {$n$}-gon},
	JOURNAL = {European J.~Combin.},
	FJOURNAL = {European Journal of Combinatorics},
	VOLUME = {10},
	YEAR = {1989},
	NUMBER = {6},
	PAGES = {551--560},
}

@article {BilleraFillimanSturmfels,
	AUTHOR = {Louis~J.~Billera and Paul~Filliman and Bernd~Sturmfels},
	TITLE = {Constructions and complexity of secondary polytopes},
	JOURNAL = {Adv.~Math.},
	FJOURNAL = {Advances in Mathematics},
	VOLUME = {83},
	YEAR = {1990},
	NUMBER = {2},
	PAGES = {155--179},
}

@book {TamariFestschrift,
	TITLE = {Associahedra, {T}amari Lattices and Related Structures. Tamari Memorial Festschrift},
	EDITOR = {Folkert M{\"u}ller-Hoissen and Jean Marcel Pallo and Jim Stasheff},
	PUBLISHER = {Springer},
	ADDRESS = {New York},
	SERIES = {Progress in Mathematics},
	VOLUME = {299},
	YEAR = {2012},
	PAGES = {xx+433},
}

@book {Matousek,
	AUTHOR = {Matou{\v{s}}ek, Ji{\v{r}}{\'{\i}}},
	TITLE = {Lectures on discrete geometry},
	SERIES = {Graduate Texts in Mathematics},
	VOLUME = {212},
	PUBLISHER = {Springer-Verlag, New York},
	YEAR = {2002},
	PAGES = {xvi+481},
}

@phdthesis{Tamari,
	AUTHOR = {Dov Tamari},
	TITLE = {Monoides pr\'eordonn\'es et cha\^ines de Malcev},
	SCHOOL = {Universit\'e Paris Sorbonne},
	YEAR = {1951},
}

@unpublished {Haiman,
	AUTHOR = {Mark Haiman},
	TITLE = {Constructing the associahedron},
 	NOTE = {Unpublished manuscript, 11 pages, available at \url{http://www.math.berkeley.edu/~mhaiman/ftp/assoc/manuscript.pdf}}, 
	YEAR = {1984},
}

@incollection {Baryshnikov,
	AUTHOR = {Baryshnikov, Yuliy},
	TITLE = {On {S}tokes sets},
	BOOKTITLE = {New developments in singularity theory ({C}ambridge, 2000)},
	SERIES = {NATO Sci. Ser. II Math. Phys. Chem.},
	VOLUME = {21},
	PAGES = {65--86},
	PUBLISHER = {Kluwer Acad. Publ., Dordrecht},
	YEAR = {2001},
}

@unpublished {Pilaud-signedTreeAssociahedra,
	AUTHOR = {Vincent Pilaud},
	TITLE = {Signed tree associahedra},
 	NOTE = {Preprint, \href{http://arxiv.org/abs/1309.5222}{\texttt{arXiv:1309.5222}}}, 
	YEAR = {2013},
}

@article {Chapoton-quadrangulations,
	AUTHOR = {Fr\'ed\'eric Chapoton},
	TITLE = {Stokes posets and serpent nests},
	JOURNAL = {Discrete Math. Theor. Comput. Sci.},
	VOLUME = {18},
	NUMBER = {3},
	YEAR = {2016},
}

@article {BrustleDupontPerotin,
	AUTHOR = {Br{\"u}stle, Thomas and Dupont, Gr{\'e}goire and P{\'e}rotin, Matthieu},
	TITLE = {On maximal green sequences},
	JOURNAL = {Int. Math. Res. Not. IMRN},
	FJOURNAL = {International Mathematics Research Notices. IMRN},
	YEAR = {2014},
	NUMBER = {16},
	PAGES = {4547--4586},
}

@unpublished {BateniMannevillePilaud,
	AUTHOR = {Amir-Hossein Bateni and Thibault Manneville and Vincent Pilaud},
	TITLE = {A note on quadrangulations and {S}tokes complexes},
 	NOTE = {In preparation}, 
	YEAR = {2016},
}

@article {Lamberti,
	AUTHOR = {Lisa Lamberti},
	TITLE = {Combinatorial model for the cluster categories of type {E}},
	JOURNAL = {J. Algebraic Combin.},
	FJOURNAL = {Journal of Algebraic Combinatorics. An International Journal},
	YEAR = {2015},
	VOLUME = {41},
	NUMBER = {4},
	PAGES = {1023--1054},
}

@unpublished {GrossHackingKeelKontsevich,
   	AUTHOR = {Mark Gross and Paul Hacking and Sean Keel and Maxim Kontsevich},
	TITLE = {Canonical bases for cluster algebras},
	NOTE = {Preprint, \href{http://arxiv.org/abs/1411.1394}{\texttt{arXiv:1411.1394}}},
	YEAR = {2014},
}

@article {CerulliIrelliKellerLabardiniFragosoPlamondon,
	AUTHOR = {Cerulli Irelli, Giovanni and Keller, Bernhard and Labardini-Fragoso, Daniel and Plamondon, Pierre-Guy},
	TITLE = {Linear independence of cluster monomials for skew-symmetric cluster algebras},
	JOURNAL = {Compos. Math.},
	FJOURNAL = {Compositio Mathematica},
	VOLUME = {149},
	YEAR = {2013},
	NUMBER = {10},
	PAGES = {1753--1764},
}

@article {FeliksonShapiroTumarkin,
	AUTHOR = {Felikson, Anna and Shapiro, Michael and Tumarkin, Pavel},
	TITLE = {Cluster algebras and triangulated orbifolds},
	JOURNAL = {Adv. Math.},
	FJOURNAL = {Advances in Mathematics},
	VOLUME = {231},
	YEAR = {2012},
	NUMBER = {5},
	PAGES = {2953--3002},
}

@article {PilaudStump-barycenter,
	AUTHOR = {Pilaud, Vincent and Stump, Christian},
	TITLE = {Vertex barycenter of generalized associahedra},
	JOURNAL = {Proc. Amer. Math. Soc.},
	FJOURNAL = {Proceedings of the American Mathematical Society},
	VOLUME = {143},
	YEAR = {2015},
    NUMBER = {6},
	PAGES = {2623--2636},
}

@article {HohlwegLortieRaymond,
	AUTHOR = {Christophe~Hohlweg and Jonathan~Lortie and Annie~Raymond},
	TITLE = {The centers of gravity of the associahedron and of the permutahedron are the same},
	JOURNAL = {Electron. J. Combin.},
	FJOURNAL = {Electronic Journal of Combinatorics},
	VOLUME = {17},
	YEAR = {2010},
	NUMBER = {1},
	PAGES = {Research Paper 72, 14},
}

@unpublished {MannevillePilaud-compatibilityFansGraphAssociahedra,
	AUTHOR = {Thibault Manneville and Vincent Pilaud},
	TITLE = {Compatibility fans for graphical nested complexes},
	NOTE = {Preprint \href{http://arxiv.org/abs/1501.07152}{\texttt{arXiv:1501.07152}}, to appear in \emph{J. Combin. Theory Ser. A}},
	YEAR = {2016},
}

@unpublished {HohlwegPilaudStella,
	AUTHOR = {Christophe Hohlweg and Vincent Pilaud and Salvatore Stella},
	TITLE = {Associahedra from cyclic seeds},
 	NOTE = {Preprint, \href{http://arxiv.org/abs/1703.09551}{\texttt{arXiv:1703.09551}}}, 
	YEAR = {2017},
}
